@article{georges:13,
	author = {Georges, Antoine and Kotliar, Gabriel  and Krauth, Werner  and Rozenberg, Marcelo J.},
	title = {{Dynamical mean-field theory of strongly correlated fermion systems and the limit of infinite dimensions}},
	journal = {Rev. Mod. Phys.},
	year = {1996},
	volume = {68},
	pages = {13},
}

@article{held:2007,
	author = {Held, K.},
	title = {{Electronic structure calculations using dynamical mean field theory}},
	journal = {Adv. Phys.},
	year = {2007},
	volume = {56},
	pages = {829-926},
}

@article{kotliar:865,
	author = {G. Kotliar and S. Y. Savrasov and K. Haule and V. S. Oudovenko and O. Parcollet and C. A. Marianetti},
	title = {{Electronic structure calculations with dynamical mean-field theory}},
	journal = {Rev. Mod. Phys.},
	year = {2006},
	volume = {78},
	pages = {865},
}

@article{hubbard:1964,
	author = {J. Hubbard},
	title = {{Electron Correlations in Narrow Energy Bands. II. The Degenerate Band Case}},
	journal = {Proc. R. Soc. A},
	year = {1964},
	volume = {277},
	pages = {237},
}

@article{bickers:1987,
	author = {N. E. Bickers},
	title = {{Review of techniques in the large-$N$ expansion for dilute magnetic alloys}},
	journal = {Rev. Mod. Phys.},
	year = {1987},
	volume = {59},
	pages = {845},
}

@article{pruschke:1989,
	author = {T. Pruschke and N. Grewe},
	title = {{The Anderson model with finite Coulomb repulsion}},
	journal = {Z. Phys. B},
	year = {1989},
	volume = {74},
	pages = {439},
}

@article{haule:2001,
	author = {K. Haule and S. Kirchner and J. Kroha and P. Wolfle},
	title = {{Anderson impurity model at finite Coulomb interaction $U$: Generalized noncrossing approximation}},
	journal = {Phys. Rev. B},
	year = {2001},
	volume = {64},
	pages = {155111},
}

@article{rubtsov:035122,
	author = {A. N. Rubtsov and V. V. Savkin and A. I. Lichtenstein},
	title = {{Continuous-time quantum Monte Carlo method for fermions}},
	journal = {Phys. Rev. B},
	year = {2005},
	volume = {72},
	pages = {035122},
}

@article{werner:076405,
	author = {Philipp Werner and Armin Comanac and Luca de' Medici and Matthias Troyer and Andrew J. Millis},
	title = {{Continuous-Time Solver for Quantum Impurity Models}},
	journal = {Phys. Rev. Lett.},
	year = {2006},
	volume = {97},
	pages = {076405},
}

@article{werner:155107,
	author = {Philipp Werner and Andrew J. Millis},
	title = {{Hybridization expansion impurity solver: General formulation and application to Kondo lattice and two-orbital models}},
	journal = {Phys. Rev. B},
	year = {2006},
	volume = {74},
	pages = {155107},
}

@article{werner:146404,
	author = {Philipp Werner and Andrew J. Millis},
	title = {{Efficient Dynamical Mean Field Simulation of the Holstein-Hubbard Model}},
	journal = {Phys. Rev. Lett.},
	year = {2007},
	volume = {99},
	pages = {146404},
}

@article{haule:155113,
	author = {Kristjan Haule},
	title = {{Quantum Monte Carlo impurity solver for cluster dynamical mean-field theory and electronic structure calculations with adjustable cluster base}},
	journal = {Phys. Rev. B},
	year = {2007},
	volume = {75},
	pages = {155113},
}

@article{blumer:205120,
	author = {N. Blumer},
	title = {{Efficiency of quantum Monte Carlo impurity solvers for the dynamical mean-field theory}},
	journal = {Phys. Rev. B},
	year = {2007},
	volume = {76},
	pages = {205120},
}

@article{gull:235123,
	author = {Emanuel Gull and Philipp Werner and Andrew Millis and Matthias Troyer},
	title = {{Performance analysis of continuous-time solvers for quantum impurity models}},
	journal = {Phys. Rev. B},
	year = {2007},
	volume = {76},
	pages = {235123},
}

@article{assaad:035116,
	author = {F. F. Assaad and T. C. Lang},
	title = {{Diagrammatic determinantal quantum Monte Carlo methods: Projective schemes and applications to the Hubbard-Holstein model}},
	journal = {Phys. Rev. B},
	year = {2007},
	volume = {76},
	pages = {035116},
}

@article{rombouts:1999,
	author = {Rombouts, S. M. A. and Heyde, K.  and Jachowicz, N.},
	title = {{Quantum Monte Carlo Method for Fermions, Free of Discretization Errors}},
	journal = {Phys. Rev. Lett.},
	year = {1999},
	volume = {82},
	pages = {4155-4159},
}

@article{sakai:155102,
	author = {Shiro Sakai and Ryotaro Arita and Karsten Held and Hideo Aoki},
	title = {{Quantum Monte Carlo study for multiorbital systems with preserved spin and orbital rotational symmetries}},
	journal = {Phys. Rev. B},
	year = {2006},
	volume = {74},
	pages = {155102},
}

@article{werner:2010,
	author = {Werner, Philipp  and Millis, Andrew J.},
	title = {{Dynamical Screening in Correlated Electron Materials}},
	journal = {Phys. Rev. Lett.},
	year = {2010},
	volume = {104},
	pages = {146401},
}

@article{jarrell:1992,
	author = {Jarrell, M.},
	title = {{Hubbard model in infinite dimensions: A quantum Monte Carlo study}},
	journal = {Phys. Rev. Lett.},
	year = {1992},
	volume = {69},
	pages = {168-171},
}

@article{perroni:045125,
	author = {C. A. Perroni and H. Ishida and A. Liebsch},
	title = {{Exact diagonalization dynamical mean-field theory for multiband materials: Effect of Coulomb correlations on the Fermi surface of Na$_{0.3}$CoO$_{2}$}},
	journal = {Phys. Rev. B},
	year = {2007},
	volume = {75},
	pages = {045125},
}

@article{gull:2008,
	author = {E. Gull and P. Werner and O. Parcollet and M. Troyer},
	title = {{Continuous-time auxiliary-field Monte Carlo for quantum impurity models}},
	journal = {Europhys. Lett.},
	year = {2008},
	volume = {82},
	pages = {57003},
}

@article{werner:035320,
	author = {Philipp Werner and Takashi Oka and Andrew J. Millis},
	title = {{Diagrammatic Monte Carlo simulation of nonequilibrium systems}},
	journal = {Phys. Rev. B},
	year = {2009},
	volume = {79},
	pages = {035320},
}

@article{werner:115119,
	author = {Philipp Werner and Emanuel Gull and Andrew J. Millis},
	title = {{Metal-insulator phase diagram and orbital selectivity in three-orbital models with rotationally invariant Hund coupling}},
	journal = {Phys. Rev. B},
	year = {2009},
	volume = {79},
	pages = {115119},
}

@article{muhlbacher:176403,
	author = {Lothar Muhlbacher and Eran Rabani},
	title = {{Real-Time Path Integral Approach to Nonequilibrium Many-Body Quantum Systems}},
	journal = {Phys. Rev. Lett.},
	year = {2008},
	volume = {100},
	pages = {176403},
}

@article{schiro:153302,
	author = {Marco Schiro and Michele Fabrizio},
	title = {{Real-time diagrammatic Monte Carlo for nonequilibrium quantum transport}},
	journal = {Phys. Rev. B},
	year = {2009},
	volume = {79},
	pages = {153302},
}

@article{schmidt:235110,
	author = {T. L. Schmidt and P. Werner and L. Muhlbacher and A. Komnik},
	title = {{Transient dynamics of the Anderson impurity model out of equilibrium}},
	journal = {Phys. Rev. B},
	year = {2008},
	volume = {78},
	pages = {235110},
}

@article{matsumoto:096403,
	author = {Munehisa Matsumoto and Myung Joon Han and Junya Otsuki and Sergey Y. Savrasov},
	title = {{First-Principles Simulations of Heavy Fermion Cerium Compounds Based on the Kondo Lattice}},
	journal = {Phys. Rev. Lett.},
	year = {2009},
	volume = {103},
	pages = {096403},
}

@article{werner:035108,
	author = {Werner, Philipp  and Oka, Takashi  and Eckstein, Martin  and Millis, Andrew J.},
	title = {{Weak-coupling quantum Monte Carlo calculations on the Keldysh contour: Theory and application to the current-voltage characteristics of the Anderson model}},
	journal = {Phys. Rev. B},
	year = {2010},
	volume = {81},
	pages = {035108},
}

@article{schiro:2010,
	author = {Schir\'o, Marco},
	title = {{Real-time dynamics in quantum impurity models with diagrammatic Monte Carlo}},
	journal = {Phys. Rev. B},
	year = {2010},
	volume = {81},
	pages = {085126},
}

@article{gull:075109,
	author = {Gull, Emanuel  and Reichman, David R. and Millis, Andrew J.},
	title = {{Bold-line diagrammatic Monte Carlo method: General formulation and application to expansion around the noncrossing approximation}},
	journal = {Phys. Rev. B},
	year = {2010},
	volume = {82},
	pages = {075109},
}

@article{wilson:773,
	author = {K. G. Wilson},
	title = {{The renormalization group: Critical phenomena and the Kondo problem}},
	journal = {Rev. Mod. Phys.},
	year = {1975},
	volume = {47},
	pages = {773},
}

@article{white:2863,
	author = {S. R. White},
	title = {{Density matrix formulation for quantum renormalization groups}},
	journal = {Phys. Rev. Lett.},
	year = {1992},
	volume = {69},
	pages = {2863},
}

@article{scholl:259,
	author = {U. Schollwock},
	title = {{The density-matrix renormalization group}},
	journal = {Rev. Mod. Phys.},
	year = {2005},
	volume = {77},
	pages = {259},
}

@article{caffarel:1545,
	author = {M. Caffarel and W. Krauth},
	title = {{Exact diagonalization approach to correlated fermions in infinite dimensions: Mott transition and superconductivity}},
	journal = {Phys. Rev. Lett.},
	year = {1994},
	volume = {72},
	pages = {1545},
}

@article{hirsch:2521,
	author = {J. E. Hirsch and R. M. Fye},
	title = {{Monte Carlo Method for Magnetic Impurities in Metals}},
	journal = {Phys. Rev. Lett.},
	year = {1986},
	volume = {56},
	pages = {2521},
}

@article{handscomb:1962,
	author = {D. Handscomb},
	title = {{The Monte Carlo method in quantum statistical mechanics}},
	journal = {Proc. Cambridge Philos. Soc.},
	year = {1962},
	volume = {58},
	pages = {594},
}

@article{handscomb:1964,
	author = {D. Handscomb},
	title = {{A Monte Carlo method applied to the Heisenberg ferromagnet}},
	journal = {Proc. Cambridge Philos. Soc.},
	year = {1964},
	volume = {60},
	pages = {115},
}

@article{sandvik:5950,
	author = {A. W. Sandvik and J. Kurkijarvi},
	title = {{Quantum Monte Carlo simulation method for spin systems}},
	journal = {Phys. Rev. B},
	year = {1991},
	volume = {43},
	pages = {5950},
}

@article{prokof:911,
	author = {N. V. Prokof'ev and B. V. Svistunov and I. S. Tupitsyn},
	title = {{Exact quantum Monte Carlo process for the statistics of discrete systems}},
	journal = {JETP Lett.},
	year = {1996},
	volume = {64},
	pages = {911},
}

@article{beard:5130,
	author = {B. B. Beard and U. J. Wiese},
	title = {{Simulations of Discrete Quantum Systems in Continuous Euclidean Time}},
	journal = {Phys. Rev. Lett.},
	year = {1996},
	volume = {77},
	pages = {5130},
}

@article{prokof:2514,
	author = {N. V. Prokof'ev and B. V. Svistunov},
	title = {{Polaron Problem by Diagrammatic Quantum Monte Carlo}},
	journal = {Phys. Rev. Lett.},
	year = {1998},
	volume = {81},
	pages = {2514},
}

@article{prokof:310,
	author = {N. V. Prokof'ev and B. V. Svistunov and I. S. Tupitsyn},
	title = {{Exact, Complete, and Universal Continuous-Time Worldline Monte Carlo Approach to the Statistics of Discrete Quantum Systems}},
	journal = {Sov. Phys. JETP},
	year = {1998},
	volume = {87},
	pages = {310},
}

@article{lauchli:235117,
        author = {Andreas M. Lauchli and Philipp Werner},
        title = {{Krylov implementation of the hybridization expansion impurity solver and application to 5-orbital models}},
        journal = {Phys. Rev. B},
        year = {2009},
        volume = {80},
        pages = {235117},
}

@article{gull:349,
        author = {Gull, Emanuel  and Millis, Andrew J. and Lichtenstein, Alexander I. and Rubtsov, Alexey N. and Troyer, Matthias  and Werner, Philipp},
        title = {{Continuous-time Monte Carlo methods for quantum impurity models}},
        journal = {Rev. Mod. Phys.},
        year = {2011},
        volume = {83},
        pages = {349-404},
}

@article{werner:126405,
        author = {Philipp Werner and Andrew J. Millis},
        title = {{High-Spin to Low-Spin and Orbital Polarization Transitions in Multiorbital Mott Systems}},
        journal = {Phys. Rev. Lett.},
        year = {2007},
        volume = {99},
        pages = {126405},
}

@article{werner:166405,
        author = {Philipp Werner and Emanuel Gull and Matthias Troyer and Andrew J. Millis},
        title = {{Spin Freezing Transition and Non-Fermi-Liquid Self-Energy in a Three-Orbital Model}},
        journal = {Phys. Rev. Lett.},
        year = {2008},
        volume = {101},
        pages = {166405},
}

@article{chan:235114,
        author = {Ching-Kit Chan and Philipp Werner and Andrew J. Millis},
        title = {{Magnetism and orbital ordering in an interacting three-band model: A dynamical mean-field study}},
        journal = {Phys. Rev. B},
        year = {2009},
        volume = {80},
        pages = {235114},
}

@article{haule:104509,
        author = {Kristjan Haule and Gabriel Kotliar},
        title = {{Strongly correlated superconductivity: A plaquette dynamical mean-field theory study}},
        journal = {Phys. Rev. B},
        year = {2007},
        volume = {76},
        pages = {104509},
}

@article{gull:37009,
	author = {E. Gull and P. Werner and X. Wang and M. Troyer and A. J. Millis},
	title = {{Local order and the gapped phase of the Hubbard model: A plaquette dynamical mean-field investigation}},
	journal = {Europhys. Lett.},
	year = {2008},
	volume = {84},
	pages = {37009},
}

@article{park:186403,
        author = {H. Park and K. Haule and G. Kotliar},
        title = {{Cluster Dynamical Mean Field Theory of the Mott Transition}},
        journal = {Phys. Rev. Lett.},
        year = {2008},
        volume = {101},
        pages = {186403},
}

@article{ferrero:064501,
        author = {Michel Ferrero and Pablo S. Cornaglia and Lorenzo De Leo and Olivier Parcollet and Gabriel Kotliar and Antoine Georges},
        title = {{Pseudogap opening and formation of Fermi arcs as an orbital-selective Mott transition in momentum space}},
        journal = {Phys. Rev. B},
        year = {2009},
        volume = {80},
        pages = {064501},
}

@article{gull:245102,
	author = {E. Gull and O. Parcollet and P. Werner and A. J. Millis},
	title = {{Momentum-sector-selective metal-insulator transition in the eight-site dynamical mean-field approximation to the Hubbard model in two dimensions}},
	journal = {Phys. Rev. B},
	year = {2009},
	volume = {80},
	pages = {245102},
}

@article{mikelsons:140505,
	author = {K. Mikelsons and E. Khatami and D. Galanakis and A. Macridin and J. Moreno and M. Jarrell},
	title = {{Thermodynamics of the quantum critical point at finite doping in the two-dimensional Hubbard model studied via the dynamical cluster approximation}},
	journal = {Phys. Rev. B},
	year = {2009},
	volume = {80},
	pages = {140505},
}

@article{werner:045120,
        author = {Philipp Werner and Emanuel Gull and Olivier Parcollet and Andrew J. Millis},
        title = {{Momentum-selective metal-insulator transition in the two-dimensional Hubbard model: An 8-site dynamical cluster approximation study}},
        journal = {Phys. Rev. B},
        year = {2009},
        volume = {80},
        pages = {045120},
}

@article{sordi:226402,
        author = {Sordi, G.  and Haule, K.  and Tremblay, A.-M. S.},
        title = {{Finite Doping Signatures of the Mott Transition in the Two-Dimensional Hubbard Model}},
        journal = {Phys. Rev. Lett.},
        year = {2010},
        volume = {104},
        pages = {226402},
}

@article{marianetti:246404,
        author = {C. A. Marianetti and K. Haule and O. Parcollet},
        title = {{Quasiparticle Dispersion and Heat Capacity of Na$_{0.3}$CoO$_{2}$: A Dynamical Mean-Field Theory Study}},
        journal = {Phys. Rev. Lett.},
        year = {2007},
        volume = {99},
        pages = {246404},
}

@article{savkin:026402,
        author = {V. V. Savkin and A. N. Rubtsov and M. I. Katsnelson and A. I. Lichtenstein},
        title = {{Correlated Adatom Trimer on a Metal Surface: A Continuous-Time Quantum Monte Carlo Study}},
        journal = {Phys. Rev. Lett.},
        year = {2005},
        volume = {94},
        pages = {026402},
}

@article{haule:092503,
        author = {Kristjan Haule and Gabriel Kotliar},
        title = {{Avoided criticality in near-optimally doped high-temperature superconductors}},
        journal = {Phys. Rev. B},
        year = {2007},
        volume = {76},
        pages = {092503},
}

@article{shim:1615,
        author = {Shim, J. H. and Haule, K. and Kotliar, G.},
        title = {{Modeling the Localized-to-Itinerant Electronic Transition in the Heavy Fermion System CeIrIn$_{5}$}},
        journal = {Science},
        year = {2007},
        volume = {318},
        pages = {1615-1617},
}

@article{shim:2007,
        author = {Shim, J. H. and Haule, K. and Kotliar, G.},
        title = {{Fluctuating valence in a correlated solid and the anomalous properties of $\delta$-plutonium}},
        journal = {Nature},
        year = {2007},
        volume = {446},
        pages = {513-516},
}

@article{park:035107,
        author = {Hyowon Park and K. Haule and C. A. Marianetti and G. Kotliar},
        title = {{Dynamical mean-field theory study of Nagaoka ferromagnetism}},
        journal = {Phys. Rev. B},
        year = {2008},
        volume = {77},
        pages = {035107},
}

@article{dao:236405,
	author = {T. L. Dao and M. Ferrero and A. Georges and M. Capone and O. Parcollet},
	title = {{Polarized Superfluidity in the Attractive Hubbard Model with Population Imbalance}},
	journal = {Phys. Rev. Lett.},
	year = {2008},
	volume = {101},
	pages = {236405},
}

@article{leo:210403,
	author = {L. De Leo and C. Kollath and A. Georges and M. Ferrero and O. Parcollet},
	title = {{Trapping and Cooling Fermionic Atoms into Mott and N\'{e}el States}},
	journal = {Phys. Rev. Lett.},
	year = {2008},
	volume = {101},
	pages = {210403},
}

@article{toschi:045118,
	author = {A. Toschi and A. A. Katanin and K. Held},
	title = {{Dynamical vertex approximation: A step beyond dynamical mean-field theory}},
	journal = {Phys. Rev. B},
	year = {2007},
	volume = {75},
	pages = {045118},
}

@article{rubtsov:033101,
	author = {A. N. Rubtsov and M. I. Katsnelson and A. I. Lichtenstein},
	title = {{Dual fermion approach to nonlocal correlations in the Hubbard model}},
	journal = {Phys. Rev. B},
	year = {2008},
	volume = {77},
	pages = {033101},
}

@article{slezak:435604,
	author = {C. Slezak and M. Jarrell and T. Maier and J. Deisz},
	title = {{Multi-scale extensions to quantum cluster methods for strongly correlated electron systems}},
	journal = {J. Phys.: Condens. Matter},
	year = {2009},
	volume = {21},
	pages = {435604},
}

@article{haule:195107,
        author = {Haule, Kristjan and Yee, Chuck-Hou and Kim, Kyoo},
        title = {{Dynamical mean-field theory within the full-potential methods: Electronic structure of CeIrIn$_{5}$, CeCoIn$_{5}$, and CeRhIn$_{5}$}},
        journal = {Phys. Rev. B},
        year = {2010},
        volume = {81},
        pages = {195107},
}

@article{jarrell:133,
        author = {Mark Jarrell and J.E. Gubernatis},
        title = {{Bayesian inference and the analytic continuation of imaginary-time quantum Monte Carlo data}},
        journal = {Phys. Rep.},
        year = {1996},
        volume = {269},
        pages = {133-195},
}

@article{beach,
        author = {K. S. D. Beach},
        title = {{Identifying the maximum entropy method as a special limit of stochastic analytic continuation}},
        year = {2004},
        archivePrefix = {arXiv},
        eprint        = {0403055},
        primaryClass  = {cond-mat},
}

@article{hh:2011,
        author = {Hartmut Hafermann and Kelly R. Patton and Philipp Werner},
        title = {{Improved Estimators for the Self-Energy and Vertex Function in Hybridization Expansion Continuous-Time Quantum Monte Carlo Simulations}},
        year = {2011},
        archivePrefix = {arXiv},
        eprint        = {1108.1936},
        primaryClass  = {cond-mat},
}

@article{ortho:075145,
        author = {Boehnke, Lewin  and Hafermann, Hartmut  and Ferrero, Michel  and Lechermann, Frank  and Parcollet, Olivier},
        title = {{Orthogonal polynomial representation of imaginary-time Green's functions}},
        journal = {Phys. Rev. B},
        year = {2011},
        volume = {84},
        pages = {075145},
}

@article{liebsch:226401,
        author = {Liebsch, A.},
        title = {{Mott Transitions in Multiorbital Systems}},
        journal = {Phys. Rev. Lett.},
        volume = {91},
        pages = {226401},
        year = {2003},
}

@Article{otsuki:114707,
        author = {Junya Otsuki and Hiroaki Kusunose and Philipp Werner and Yoshio Kuramoto},
        title = {Continuous-Time Quantum Monte Carlo Method for the Coqblin--Schrieffer Model},
        journal = {J. Phys. Soc. Japan},
        year = {2007},
        volume = {76},
        pages = {114707},
}

@article{yoo:10307,
        author={Jaebeom Yoo and Shailesh Chandrasekharan and Ribhu K Kaul and Denis Ullmo and Harold U Baranger},
        title={On the sign problem in the Hirsch–Fye algorithm for impurity problems},
        journal={J. Phys. A: Math. Gene.},
        year={2005},
        volume={38},
        pages={10307},
}

@article{anisimov:191,
        author = {V. I. Anisimov and I. A. Nekrasov and D. E. Kondakov and T. M. Rice and M. Sigrist},
        title = {Orbital-selective Mott-insulator transition in Ca$_{2-x}$Sr$_{x}$RuO$_4$},
        journal = {The European Physical Journal B},
        year = {2002},
        volume = {25},
        number = {2},
        pages = {191-201}
}

@article{koga:216402,
        author = {Koga, Akihisa and Kawakami, Norio and T. M. Rice and Sigrist, Manfred},
        title = {Orbital-Selective Mott Transitions in the Degenerate Hubbard Model},
        journal = {Phys. Rev. Lett.},
        year = {2004},
        volume = {92},
        number = {21},
        pages = {216402}
}

@article{koga:045128,
        author = {Koga, Akihisa and Kawakami, Norio and T. M. Rice and Sigrist, Manfred},
        title = {Spin, charge, and orbital fluctuations in a multiorbital Mott insulator},
        journal = {Phys. Rev. B},
        year = {2005},
        volume = {72},
        number = {4},
        pages = {045128}
}

@article{medici:205124,
        author={de'Medici, L. and Georges, A. and Biermann, S.},
        title = {Orbital-selective Mott transition in multiband systems: Slave-spin representation and dynamical mean-field theory},
        journal = {Phys. Rev. B},
        year = {2005},
        volume = {72},
        number = {20},
        pages = {205124}
}

@article{ferrero:205126,
        author = {Ferrero, Michel and Becca, Federico and Fabrizio, Michele and Capone, Massimo},
        title = {Dynamical behavior across the Mott transition of two bands with different bandwidths},
        journal = {Phys. Rev. B},
        year = {2005},
        volume = {72},
        number = {20},
        pages = {205126}
}

@article{held:201102(R),
        author = {Arita, R. and Held, K.},
        title = {Orbital-selective Mott-Hubbard transition in the two-band Hubbard model},
        journal = {Phys. Rev. B},
        year = {2005},
        volume = {72},
        number = {20},
        pages = {201102(R)}
}

@article{knecht:081103(R),
        author = {Knecht, C. and Bl\"umer, N. and van Dongen, P. G. J.},
        title = {Orbital-selective Mott transitions in the anisotropic two-band Hubbard model at finite temperatures},
        journal = {Phys. Rev. B},
        year = {2005},
        volume = {72},
        number = {8},
        pages = {081103(R)}
}

@article{koga:359361,
        author = {Koga, Akihisa and Kawakami, Norio and Rice, T.M. and Sigrist, Manfred},
        title = {Mott transitions in the multi-orbital systems},
        journal = {Physica B},
        year = {2005},
        volume = {1366},
        number = {16},
        pages = {359-361}
}

@article{inaba:2393,
        author = {Inaba, Kensuke and Koga, Akihisa and Suga, Sei and Kawakami, Norio},
        title = {Phase Diagram of Orbital-Selective Mott Transitions at Finite Temperatures},
        journal = {J. Phys. Soc. Jpn.},
        year = {2005},
        volume = {74},
        number = {9},
        pages = {2393}
}

@article{medici:126401,
        author = {de'Medici, Luca and Hassan, S.R. and Capone, Massimo and Dai, Xi},
        title = {Orbital-Selective Mott Transition out of Band Degeneracy Lifting},
        journal = {Phys. Rev. Lett.},
        year = {2009},
        volume = {102},
        number = {16},
        pages = {126401}
}

@article{kita:195130,
        author = {Kita, Tomoko and Ohashi, Takuma and Kawakami, Norio},
        title = {Mott transition in three-orbital Hubbard model with orbital splitting},
        journal = {Phys. Rev. B},
        year = {2011},
        volume = {84},
        number = {16},
        pages = {195130}
}

@article{inaba:094712,
        author = {Koga, Akihisa and Inaba, Kensuke},
        title = {Metal-Insulator Transition in the Two-Orbital Hubbard Model at Fractional Band Fillings: Self-Energy Functional Approach},
        journal = {J. Phys. Soc. Jpn.},
        year = {2007},
        volume = {76},
        number = {9},
        pages = {094712}
}

@article{jakobi:115109,
        author = {Jakobi, Eberhard and Bl\"umer, Nils and Dogen,Peter},
        title = {Orbital-selective Mott transitions in a doped two-band Hubbard model},
        journal = {Phys. Rev. B},
        year = {2009},
        volume = {80},
        number = {11},
        pages = {115109}
}

@article{yin:1206,
        author = {Yin, Z.P. and Haule, K. and Kotliar, G.},
        title= {Fractional power-law behavior and its origin in iron-chalcogenide and ruthenate superconductors: Insights from first-principles calculations},
        year = {2012},
        archivePrefix = {arXiv},
        eprint        = {1206.0801},
        primaryClass  = {cond-mat},
}
