@article{RevModPhys.77.1027,
  title = {Quantum cluster theories},
  author = {Maier, Thomas and Jarrell, Mark and Pruschke, Thomas and Hettler, Matthias H.},
  journal = {Rev. Mod. Phys.},
  volume = {77},
  issue = {3},
  pages = {1027--1080},
  numpages = {0},
  year = {2005},
  month = {Oct},
  publisher = {American Physical Society},
  doi = {10.1103/RevModPhys.77.1027},
  url = {http://link.aps.org/doi/10.1103/RevModPhys.77.1027}
}

@article{RevModPhys.68.13,
  title = {Dynamical mean-field theory of strongly correlated fermion systems and the limit of infinite dimensions},
  author = {Georges, Antoine and Kotliar, Gabriel and Krauth, Werner and Rozenberg, Marcelo J.},
  journal = {Rev. Mod. Phys.},
  volume = {68},
  issue = {1},
  pages = {13--125},
  numpages = {0},
  year = {1996},
  month = {Jan},
  publisher = {American Physical Society},
  doi = {10.1103/RevModPhys.68.13},
  url = {http://link.aps.org/doi/10.1103/RevModPhys.68.13}
}

@article{RevModPhys.78.865,
  title = {Electronic structure calculations with dynamical mean-field theory},
  author = {Kotliar, G. and Savrasov, S. Y. and Haule, K. and Oudovenko, V. S. and Parcollet, O. and Marianetti, C. A.},
  journal = {Rev. Mod. Phys.},
  volume = {78},
  issue = {3},
  pages = {865--951},
  numpages = {0},
  year = {2006},
  month = {Aug},
  publisher = {American Physical Society},
  doi = {10.1103/RevModPhys.78.865},
  url = {http://link.aps.org/doi/10.1103/RevModPhys.78.865}
}

@article{arXiv:1403.7214,
  title = {Lazy skip lists, a new algorithm for fast hybridization-expansion quantum Monte Carlo},
  author = {S\'emon, P. and Yee, Chuck-Hou and Haule, Kristjan and Tremblay, A.-M. S.},
  archivePrefix = {arXiv},
  eprint        = {14037214},
  primaryClass  = {cond-mat},
}

@article{PhysRevB.75.155113,
  title = {Quantum Monte Carlo impurity solver for cluster dynamical mean-field theory and electronic structure calculations with adjustable cluster base},
  author = {Haule, Kristjan},
  journal = {Phys. Rev. B},
  volume = {75},
  issue = {15},
  pages = {155113},
  numpages = {12},
  year = {2007},
  month = {Apr},
  publisher = {American Physical Society},
  doi = {10.1103/PhysRevB.75.155113},
  url = {http://link.aps.org/doi/10.1103/PhysRevB.75.155113}
}

@article{PhysRevB.86.155158,
  title = {Conserved quantities of $SU(2)$-invariant interactions for correlated fermions and the advantages for quantum Monte Carlo simulations},
  author = {Parragh, Nicolaus and Toschi, Alessandro and Held, Karsten and Sangiovanni, Giorgio},
  journal = {Phys. Rev. B},
  volume = {86},
  issue = {15},
  pages = {155158},
  numpages = {4},
  year = {2012},
  month = {Oct},
  publisher = {American Physical Society},
  doi = {10.1103/PhysRevB.86.155158},
  url = {http://link.aps.org/doi/10.1103/PhysRevB.86.155158}
}

@article{RevModPhys.83.349,
  title = {Continuous-time Monte~Carlo methods for quantum impurity models},
  author = {Gull, Emanuel and Millis, Andrew J. and Lichtenstein, Alexander I. and Rubtsov, Alexey N. and Troyer, Matthias and Werner, Philipp},
  journal = {Rev. Mod. Phys.},
  volume = {83},
  issue = {2},
  pages = {349--404},
  numpages = {0},
  year = {2011},
  month = {May},
  publisher = {American Physical Society},
  doi = {10.1103/RevModPhys.83.349},
  url = {http://link.aps.org/doi/10.1103/RevModPhys.83.349}
}

@incollection{sfmt:2008,
  year={2008},
  isbn={978-3-540-74495-5},
  booktitle={Monte Carlo and Quasi-Monte Carlo Methods 2006},
  editor={Keller, Alexander and Heinrich, Stefan and Niederreiter, Harald},
  doi={10.1007/978-3-540-74496-2_36},
  title={SIMD-Oriented Fast Mersenne Twister: a 128-bit Pseudorandom Number Generator},
  url={http://dx.doi.org/10.1007/978-3-540-74496-2_36},
  publisher={Springer Berlin Heidelberg},
  author={Saito, Mutsuo and Matsumoto, Makoto},
  pages={607-622},
}

@article{Panneton:2006,
  author = {Panneton, Fran\c{c}ois and L'Ecuyer, Pierre and Matsumoto, Makoto},
  title = {Improved Long-period Generators Based on Linear Recurrences Modulo 2},
  journal = {ACM Trans. Math. Softw.},
  issue_date = {March 2006},
  volume = {32},
  number = {1},
  month = mar,
  year = {2006},
  issn = {0098-3500},
  pages = {1--16},
  numpages = {16},
  url = {http://doi.acm.org/10.1145/1132973.1132974},
  doi = {10.1145/1132973.1132974},
  acmid = {1132974},
  publisher = {ACM},
  address = {New York, NY, USA},
}

@article{Marsaglia:2003,
  author =	"George Marsaglia",
  title =	"Xorshift RNGs",
  journal =	"J. Stat. Softw.",
  volume =	"8",
  number =	"14",
  pages =	"1--6",
  day =  	"4",
  month =	"7",
  year = 	"2003",
  CODEN =	"JSSOBK",
  ISSN = 	"1548-7660",
  bibdate =	"2003-07-04",
  URL =  	"http://www.jstatsoft.org/v08/i14",
  accepted =	"2003-07-04",
  acknowledgement = "",
  keywords =	"",
  submitted =	"2003-05-06",
}

@article{Matsumoto:1998,
  author = {Matsumoto, Makoto and Nishimura, Takuji},
  title = {Mersenne Twister: A 623-dimensionally Equidistributed Uniform Pseudo-random Number Generator},
  journal = {ACM Trans. Model. Comput. Simul.},
  issue_date = {Jan. 1998},
  volume = {8},
  number = {1},
  month = jan,
  year = {1998},
  issn = {1049-3301},
  pages = {3--30},
  numpages = {28},
  url = {http://doi.acm.org/10.1145/272991.272995},
  doi = {10.1145/272991.272995},
  acmid = {272995},
  publisher = {ACM},
  address = {New York, NY, USA},
}

@article{PhysRevB.89.235128,
  title = {Self-energy and vertex functions from hybridization-expansion continuous-time quantum Monte Carlo for impurity models with retarded interaction},
  author = {Hafermann, Hartmut},
  journal = {Phys. Rev. B},
  volume = {89},
  issue = {23},
  pages = {235128},
  numpages = {18},
  year = {2014},
  month = {Jun},
  publisher = {American Physical Society},
  doi = {10.1103/PhysRevB.89.235128},
  url = {http://link.aps.org/doi/10.1103/PhysRevB.89.235128}
}

@article{PhysRevB.85.205106,
  title = {Improved estimators for the self-energy and vertex function in hybridization-expansion continuous-time quantum Monte Carlo simulations},
  author = {Hafermann, Hartmut and Patton, Kelly R. and Werner, Philipp},
  journal = {Phys. Rev. B},
  volume = {85},
  issue = {20},
  pages = {205106},
  numpages = {14},
  year = {2012},
  month = {May},
  publisher = {American Physical Society},
  doi = {10.1103/PhysRevB.85.205106},
  url = {http://link.aps.org/doi/10.1103/PhysRevB.85.205106}
}

@article{PhysRevB.84.075145,
  title = {Orthogonal polynomial representation of imaginary-time Green's functions},
  author = {Boehnke, Lewin and Hafermann, Hartmut and Ferrero, Michel and Lechermann, Frank and Parcollet, Olivier},
  journal = {Phys. Rev. B},
  volume = {84},
  issue = {7},
  pages = {075145},
  numpages = {13},
  year = {2011},
  month = {Aug},
  publisher = {American Physical Society},
  doi = {10.1103/PhysRevB.84.075145},
  url = {http://link.aps.org/doi/10.1103/PhysRevB.84.075145}
}

@article{PhysRevLett.97.076405,
  title = {Continuous-Time Solver for Quantum Impurity Models},
  author = {Werner, Philipp and Comanac, Armin and de' Medici, Luca and Troyer, Matthias and Millis, Andrew J.},
  journal = {Phys. Rev. Lett.},
  volume = {97},
  issue = {7},
  pages = {076405},
  numpages = {4},
  year = {2006},
  month = {Aug},
  publisher = {American Physical Society},
  doi = {10.1103/PhysRevLett.97.076405},
  url = {http://link.aps.org/doi/10.1103/PhysRevLett.97.076405}
}

@article{Meng14a,
  title = {Spin-triplet superconductivity in multi-orbital materials with strong spin-orbit coupling},
  author={Meng, Zi Yang and Kim, Yong Baek and Kee, Hae-Young},
  archivePrefix = {arXiv},
  eprint        = {1404.2290},
  primaryClass  = {cond-mat},
  year={2014}
}

@article{Meng14b,
  title = {Evidence for spin-triplet odd-parity superconductivity close to type-II van Hove singularities},
  author={Meng, Zi Yang and Chen, Kuang-Shing and Yang, Fan and Yao, Hong and Kee, Hae-Young},
  archivePrefix = {arXiv},
  eprint        = {1408.1407},
  primaryClass  = {cond-mat},
  year={2014}
}

@article{PhysRevB.88.041103,
  title = {Unconventional superconductivity on the triangular lattice Hubbard model},
  author = {Chen, Kuang Shing and Meng, Zi Yang and Yu, Unjong and Yang, Shuxiang and Jarrell, Mark and Moreno, Juana},
  journal = {Phys. Rev. B},
  volume = {88},
  issue = {4},
  pages = {041103},
  numpages = {5},
  year = {2013},
  month = {Jul},
  publisher = {American Physical Society},
  doi = {10.1103/PhysRevB.88.041103},
  url = {http://link.aps.org/doi/10.1103/PhysRevB.88.041103}
}

@article{PhysRevB.88.245110,
  title = {Evolution of the superconductivity dome in the two-dimensional Hubbard model},
  author = {Chen, K.-S. and Meng, Z. Y. and Yang, S.-X. and Pruschke, T. and Moreno, J. and Jarrell, M.},
  journal = {Phys. Rev. B},
  volume = {88},
  issue = {24},
  pages = {245110},
  numpages = {8},
  year = {2013},
  month = {Dec},
  publisher = {American Physical Society},
  doi = {10.1103/PhysRevB.88.245110},
  url = {http://link.aps.org/doi/10.1103/PhysRevB.88.245110}
}

@article{PhysRevB.86.125114,
  title = {Local electronic correlation at the two-particle level},
  author = {Rohringer, G. and Valli, A. and Toschi, A.},
  journal = {Phys. Rev. B},
  volume = {86},
  issue = {12},
  pages = {125114},
  numpages = {26},
  year = {2012},
  month = {Sep},
  publisher = {American Physical Society},
  doi = {10.1103/PhysRevB.86.125114},
  url = {http://link.aps.org/doi/10.1103/PhysRevB.86.125114}
}

@article{PhysRevE.87.013311,
  title = {Solving the parquet equations for the Hubbard model beyond weak coupling},
  author = {Tam, Ka-Ming and Fotso, H. and Yang, S.-X. and Lee, Tae-Woo and Moreno, J. and Ramanujam, J. and Jarrell, M.},
  journal = {Phys. Rev. E},
  volume = {87},
  issue = {1},
  pages = {013311},
  numpages = {16},
  year = {2013},
  month = {Jan},
  publisher = {American Physical Society},
  doi = {10.1103/PhysRevE.87.013311},
  url = {http://link.aps.org/doi/10.1103/PhysRevE.87.013311}
}

@article{Dominicis64b,
  author = "De Dominicis, Cyrano and Martin, Paul C.",
  title = "Stationary Entropy Principle and Renormalization in Normal and Superfluid Systems. II. Diagrammatic Formulation",
  journal = "J. Math. Phys.",
  year = "1964",
  volume = "5",
  number = "1", 
  pages = "31-59",
  url = "http://scitation.aip.org/content/aip/journal/jmp/5/1/10.1063/1.1704064",
  doi = "http://dx.doi.org/10.1063/1.1704064" 
}

@article{Dominicis64a,
  author = "De Dominicis, Cyrano and Martin, Paul C.",
  title = "Stationary Entropy Principle and Renormalization in Normal and Superfluid Systems. I. Algebraic Formulation",
  journal = "J. Math. Phys.",
  year = "1964",
  volume = "5",
  number = "1", 
  pages = "14-30",
  url = "http://scitation.aip.org/content/aip/journal/jmp/5/1/10.1063/1.1704062",
  doi = "http://dx.doi.org/10.1063/1.1704062" 
}

@article{PhysRevB.43.8044,
  title = {Conserving approximations for strongly fluctuating electron systems. II. Numerical results and parquet extension},
  author = {Bickers, N. E. and White, S. R.},
  journal = {Phys. Rev. B},
  volume = {43},
  issue = {10},
  pages = {8044--8064},
  numpages = {0},
  year = {1991},
  month = {Apr},
  publisher = {American Physical Society},
  doi = {10.1103/PhysRevB.43.8044},
  url = {http://link.aps.org/doi/10.1103/PhysRevB.43.8044}
}

@article{PhysRevE.80.046706,
  title = {Parquet approximation for the $4\ifmmode\times\else\texttimes\fi{}4$ Hubbard cluster},
  author = {Yang, S. X. and Fotso, H. and Liu, J. and Maier, T. A. and Tomko, K. and D'Azevedo, E. F. and Scalettar, R. T. and Pruschke, T. and Jarrell, M.},
  journal = {Phys. Rev. E},
  volume = {80},
  issue = {4},
  pages = {046706},
  numpages = {6},
  year = {2009},
  month = {Oct},
  publisher = {American Physical Society},
  doi = {10.1103/PhysRevE.80.046706},
  url = {http://link.aps.org/doi/10.1103/PhysRevE.80.046706}
}

@article{Gull2008,
  title = {Continuous-time auxiliary-field Monte Carlo for quantum impurity models},
  author = {Gull, E. and Parcollet, O. and Troyer, M.},
  journal = {Europhys. Lett.},
  volume = {82},
  pages = {57003},
  year = {2008},
  doi = {10.1209/0295-5075/82/57003},
  url = {http://iopscience.iop.org/0295-5075/82/5/57003}
}

@article{PhysRevB.74.155107,
  title = {Hybridization expansion impurity solver: General formulation and application to Kondo lattice and two-orbital models},
  author = {Werner, Philipp and Millis, Andrew J.},
  journal = {Phys. Rev. B},
  volume = {74},
  issue = {15},
  pages = {155107},
  numpages = {13},
  year = {2006},
  month = {Oct},
  publisher = {American Physical Society},
  doi = {10.1103/PhysRevB.74.155107},
  url = {http://link.aps.org/doi/10.1103/PhysRevB.74.155107}
}

@article{PhysRevB.72.035122,
  title = {Continuous-time quantum Monte Carlo method for fermions},
  author = {Rubtsov, A. N. and Savkin, V. V. and Lichtenstein, A. I.},
  journal = {Phys. Rev. B},
  volume = {72},
  issue = {3},
  pages = {035122},
  numpages = {9},
  year = {2005},
  month = {Jul},
  publisher = {American Physical Society},
  doi = {10.1103/PhysRevB.72.035122},
  url = {http://link.aps.org/doi/10.1103/PhysRevB.72.035122}
}

@article{PhysRevB.83.085102,
  title = {Efficient treatment of two-particle vertices in dynamical mean-field theory},
  author = {Kune\ifmmode \check{s}\else \v{s}\fi{}, Jan},
  journal = {Phys. Rev. B},
  volume = {83},
  issue = {8},
  pages = {085102},
  numpages = {8},
  year = {2011},
  month = {Feb},
  publisher = {American Physical Society},
  doi = {10.1103/PhysRevB.83.085102},
  url = {http://link.aps.org/doi/10.1103/PhysRevB.83.085102}
}

@article{PhysRevLett.111.130402,
  title = {Entanglement of Interacting Fermions in Quantum Monte Carlo Calculations},
  author = {Grover, Tarun},
  journal = {Phys. Rev. Lett.},
  volume = {111},
  issue = {13},
  pages = {130402},
  numpages = {5},
  year = {2013},
  month = {Sep},
  publisher = {American Physical Society},
  doi = {10.1103/PhysRevLett.111.130402},
  url = {http://link.aps.org/doi/10.1103/PhysRevLett.111.130402}
}

@article{Wang07022014,
  author = {Wang, Chong and Potter, Andrew C. and Senthil, T.}, 
  title = {Classification of Interacting Electronic Topological Insulators in Three Dimensions},
  volume = {343}, 
  number = {6171}, 
  pages = {629-631}, 
  year = {2014}, 
  doi = {10.1126/science.1243326}, 
  URL = {http://www.sciencemag.org/content/343/6171/629.abstract}, 
  journal = {Science} 
}

@article{Chen21122012,
  author = {Chen, Xie and Gu, Zheng-Cheng and Liu, Zheng-Xin and Wen, Xiao-Gang}, 
  title = {Symmetry-Protected Topological Orders in Interacting Bosonic Systems},
  volume = {338}, 
  number = {6114}, 
  pages = {1604-1606}, 
  year = {2012}, 
  doi = {10.1126/science.1227224}, 
  URL = {http://www.sciencemag.org/content/338/6114/1604.abstract},
  journal = {Science} 
}

@article{PhysRevB.81.195107,
  title = {Dynamical mean-field theory within the full-potential methods: Electronic structure of ${\text{CeIrIn}}_{5}$, ${\text{CeCoIn}}_{5}$, and ${\text{CeRhIn}}_{5}$},
  author = {Haule, Kristjan and Yee, Chuck-Hou and Kim, Kyoo},
  journal = {Phys. Rev. B},
  volume = {81},
  issue = {19},
  pages = {195107},
  numpages = {30},
  year = {2010},
  month = {May},
  publisher = {American Physical Society},
  doi = {10.1103/PhysRevB.81.195107},
  url = {http://link.aps.org/doi/10.1103/PhysRevB.81.195107}
}

@article{PhysRevB.89.125121,
  title = {Entanglement spectra of interacting fermions in quantum Monte Carlo simulations},
  author = {Assaad, Fakher F. and Lang, Thomas C. and Parisen Toldin, Francesco},
  journal = {Phys. Rev. B},
  volume = {89},
  issue = {12},
  pages = {125121},
  numpages = {7},
  year = {2014},
  month = {Mar},
  publisher = {American Physical Society},
  doi = {10.1103/PhysRevB.89.125121},
  url = {http://link.aps.org/doi/10.1103/PhysRevB.89.125121}
}

@article{PhysRevB.89.195146,
  title = {Multiorbital cluster dynamical mean-field theory with an improved continuous-time quantum Monte Carlo algorithm},
  author = {Nomura, Yusuke and Sakai, Shiro and Arita, Ryotaro},
  journal = {Phys. Rev. B},
  volume = {89},
  issue = {19},
  pages = {195146},
  numpages = {12},
  year = {2014},
  month = {May},
  publisher = {American Physical Society},
  doi = {10.1103/PhysRevB.89.195146},
  url = {http://link.aps.org/doi/10.1103/PhysRevB.89.195146}
}

@article{PhysRevB.76.205120,
  title = {Efficiency of quantum Monte Carlo impurity solvers for the dynamical mean-field theory},
  author = {Bl\"umer, N.},
  journal = {Phys. Rev. B},
  volume = {76},
  issue = {20},
  pages = {205120},
  numpages = {5},
  year = {2007},
  month = {Nov},
  publisher = {American Physical Society},
  doi = {10.1103/PhysRevB.76.205120},
  url = {http://link.aps.org/doi/10.1103/PhysRevB.76.205120}
}

@article{arXiv:0403055,
  title = {Identifying the maximum entropy method as a special limit of stochastic analytic continuation},
  author = {K. S. D. Beach},
  archivePrefix = {arXiv},
  eprint        = {0403055},
  primaryClass  = {cond-mat},
}

@article{pade,
  year={1977},
  issn={0022-2291},
  journal={J. Low Temp. Phys.},
  volume={29},
  number={3-4},
  doi={10.1007/BF00655090},
  title={Solving the Eliashberg equations by means ofN-point Padé approximants},
  url={http://dx.doi.org/10.1007/BF00655090},
  publisher={Kluwer Academic Publishers-Plenum Publishers},
  author={Vidberg, H.J. and Serene, J.W.},
  pages={179-192},
}

@article{mem:1996,
  title = {Bayesian inference and the analytic continuation of imaginary-time quantum Monte Carlo data},
  author = {Mark Jarrell and J.E. Gubernatis},
  journal = {Phys. Rep.},
  volume = {269},
  number = {3},
  pages = {133 - 195},
  year = {1996},
  issn = {0370-1573},
  doi = {http://dx.doi.org/10.1016/0370-1573(95)00074-7},
}

@article{PhysRevLett.99.146404,
  title = {Efficient Dynamical Mean Field Simulation of the Holstein-Hubbard Model},
  author = {Werner, Philipp and Millis, Andrew J.},
  journal = {Phys. Rev. Lett.},
  volume = {99},
  issue = {14},
  pages = {146404},
  numpages = {4},
  year = {2007},
  month = {Oct},
  doi = {10.1103/PhysRevLett.99.146404},
  url = {http://link.aps.org/doi/10.1103/PhysRevLett.99.146404},
  publisher = {American Physical Society}
}

@article{PhysRevLett.104.146401,
  title = {Dynamical Screening in Correlated Electron Materials},
  author = {Werner, Philipp and Millis, Andrew J.},
  journal = {Phys. Rev. Lett.},
  volume = {104},
  issue = {14},
  pages = {146401},
  numpages = {4},
  year = {2010},
  month = {Apr},
  doi = {10.1103/PhysRevLett.104.146401},
  url = {http://link.aps.org/doi/10.1103/PhysRevLett.104.146401},
  publisher = {American Physical Society}
}

@misc{triqs,
  howpublished = {http://ipht.cea.fr/triqs}
}

@misc{w2dynamics,
  author = {N Parragh and M Wallerberger and G Sangiovanni},
  howpublished = {unpublished},
}

@misc{haule,
  author = {K Haule},
  howpublished = {http://www.physics.rutgers.edu/grad/509/src\_CTQMC/},
}

@article{PhysRevB.87.125149,
  title = {Screening and nonlocal correlations in the extended Hubbard model from self-consistent combined $GW$ and dynamical mean field theory},
  author = {Ayral, Thomas and Biermann, Silke and Werner, Philipp},
  journal = {Phys. Rev. B},
  volume = {87},
  issue = {12},
  pages = {125149},
  numpages = {21},
  year = {2013},
  month = {Mar},
  doi = {10.1103/PhysRevB.87.125149},
  url = {http://link.aps.org/doi/10.1103/PhysRevB.87.125149},
  publisher = {American Physical Society}
}

@article{Werner2012,
  author={Werner, P. and Casula, M. and Miyake, T. and Aryasetiawan, F. and Millis, A. J. and Biermann, S.},
  title={Satellites and large doping and temperature dependence of electronic properties in hole-doped BaFe$_{2}$As$_{2}$},
  journal={Nat. Phys.},
  volume={8},
  pages={331},
  year={2012}
}

@article{1742-5468-2014-6-P06012,
  author={Hiroshi Shinaoka and Michele Dolfi and Matthias Troyer and Philipp Werner},
  title={Hybridization expansion Monte Carlo simulation of multi-orbital quantum impurity problems: matrix product formalism and improved sampling},
  journal={J. Stat. Mech.: Theory and Experiment},
  volume={2014},
  number={6},
  pages={P06012},
  url={http://stacks.iop.org/1742-5468/2014/i=6/a=P06012},
  year={2014},
}

@article{PhysRevLett.69.168,
  title = {Hubbard model in infinite dimensions: A quantum Monte Carlo study},
  author = {Jarrell, M.},
  journal = {Phys. Rev. Lett.},
  volume = {69},
  issue = {1},
  pages = {168--171},
  numpages = {0},
  year = {1992},
  month = {Jul},
  publisher = {American Physical Society},
  doi = {10.1103/PhysRevLett.69.168},
  url = {http://link.aps.org/doi/10.1103/PhysRevLett.69.168}
}

@article{PhysRevB.80.235117,
  title = {Krylov implementation of the hybridization expansion impurity solver and application to 5-orbital models},
  author = {L\"auchli, Andreas M. and Werner, Philipp},
  journal = {Phys. Rev. B},
  volume = {80},
  issue = {23},
  pages = {235117},
  numpages = {8},
  year = {2009},
  month = {Dec},
  publisher = {American Physical Society},
  doi = {10.1103/PhysRevB.80.235117},
  url = {http://link.aps.org/doi/10.1103/PhysRevB.80.235117}
}

@article{1742-5468-2011-05-P05001,
  author={B Bauer and L D Carr and H G Evertz and A Feiguin and J Freire and S Fuchs and L Gamper and J Gukelberger and E Gull and S Guertler and A Hehn and R Igarashi and S V Isakov and D Koop and P N Ma and P Mates and H Matsuo and O Parcollet and G Pawłowski and J D Picon and L Pollet and E Santos and V W Scarola and U Schollwöck and C Silva and B Surer and S Todo and S Trebst and M Troyer and M L Wall and P
Werner and S Wessel},
  title={The ALPS project release 2.0: open source software for strongly correlated systems},
  journal={J. Stat. Mech.: Theory and Experiment},
  volume={2011},
  number={05},
  pages={P05001},
  url={http://stacks.iop.org/1742-5468/2011/i=05/a=P05001},
  year={2011},
}

@article{PhysRevLett.56.2521,
  title = {Monte Carlo Method for Magnetic Impurities in Metals},
  author = {Hirsch, J. E. and Fye, R. M.},
  journal = {Phys. Rev. Lett.},
  volume = {56},
  issue = {23},
  pages = {2521--2524},
  numpages = {0},
  year = {1986},
  month = {Jun},
  publisher = {American Physical Society},
  doi = {10.1103/PhysRevLett.56.2521},
  url = {http://link.aps.org/doi/10.1103/PhysRevLett.56.2521}
}

@article{RevModPhys.59.845,
  title = {Review of techniques in the large-$N$ expansion for dilute magnetic alloys},
  author = {Bickers, N. E.},
  journal = {Rev. Mod. Phys.},
  volume = {59},
  issue = {4},
  pages = {845--939},
  numpages = {0},
  year = {1987},
  month = {Oct},
  publisher = {American Physical Society},
  doi = {10.1103/RevModPhys.59.845},
  url = {http://link.aps.org/doi/10.1103/RevModPhys.59.845}
}

@article{PhysRevB.45.6479,
  title = {Hubbard model in infinite dimensions},
  author = {Georges, Antoine and Kotliar, Gabriel},
  journal = {Phys. Rev. B},
  volume = {45},
  issue = {12},
  pages = {6479--6483},
  numpages = {0},
  year = {1992},
  month = {Mar},
  publisher = {American Physical Society},
  doi = {10.1103/PhysRevB.45.6479},
  url = {http://link.aps.org/doi/10.1103/PhysRevB.45.6479}
}

@article{PhysRevB.50.7295,
  title = {Equation-of-motion approach to the Hubbard model in infinite dimensions},
  author = {Gros, Claudius},
  journal = {Phys. Rev. B},
  volume = {50},
  issue = {11},
  pages = {7295--7303},
  numpages = {0},
  year = {1994},
  month = {Sep},
  publisher = {American Physical Society},
  doi = {10.1103/PhysRevB.50.7295},
  url = {http://link.aps.org/doi/10.1103/PhysRevB.50.7295}
}

@article{RevModPhys.70.1039,
  title = {Metal-insulator transitions},
  author = {Imada, Masatoshi and Fujimori, Atsushi and Tokura, Yoshinori},
  journal = {Rev. Mod. Phys.},
  volume = {70},
  issue = {4},
  pages = {1039--1263},
  numpages = {0},
  year = {1998},
  month = {Oct},
  publisher = {American Physical Society},
  doi = {10.1103/RevModPhys.70.1039},
  url = {http://link.aps.org/doi/10.1103/RevModPhys.70.1039}
}

@article{Bickers1989206,
title = "Conserving approximations for strongly fluctuating electron systems. I. Formalism and calculational approach ",
journal = "Annals of Physics ",
volume = "193",
number = "1",
pages = "206 - 251",
year = "1989",
note = "",
issn = "0003-4916",
doi = "http://dx.doi.org/10.1016/0003-4916(89)90359-X",
url = "http://www.sciencedirect.com/science/article/pii/000349168990359X",
author = "N.E Bickers and D.J Scalapino"
}

@article{Grewe1983,
  author = {N. Grewe},
  journal = {Z. Phys. B},
  volume = {53},
  pages = {271},
  year = {1983}
}

@article{Kuramoto1983,
  author = {Y. Kuramoto},
  journal = {Z. Phys. B},
  volume = {53},
  pages = {73},
  year = {1983}
}

@article{PhysRevLett.110.086401,
  title = {How Bad Metals Turn Good: Spectroscopic Signatures of Resilient Quasiparticles},
  author = {Deng, Xiaoyu and Mravlje, Jernej and \ifmmode \check{Z}\else \v{Z}\fi{}itko, Rok and Ferrero, Michel and Kotliar, Gabriel and Georges, Antoine},
  journal = {Phys. Rev. Lett.},
  volume = {110},
  issue = {8},
  pages = {086401},
  numpages = {5},
  year = {2013},
  month = {Feb},
  publisher = {American Physical Society},
  doi = {10.1103/PhysRevLett.110.086401},
  url = {http://link.aps.org/doi/10.1103/PhysRevLett.110.086401}
}

@article{PhysRevB.39.6962,
  title = {Band magnetism in the Hubbard model},
  author = {Nolting, W. and Borgiel, W.},
  journal = {Phys. Rev. B},
  volume = {39},
  issue = {10},
  pages = {6962--6978},
  numpages = {0},
  year = {1989},
  month = {Apr},
  publisher = {American Physical Society},
  doi = {10.1103/PhysRevB.39.6962},
  url = {http://link.aps.org/doi/10.1103/PhysRevB.39.6962}
}

@article{PhysRevLett.72.1545,
  title = {Exact diagonalization approach to correlated fermions in infinite dimensions: Mott transition and superconductivity},
  author = {Caffarel, Michel and Krauth, Werner},
  journal = {Phys. Rev. Lett.},
  volume = {72},
  issue = {10},
  pages = {1545--1548},
  numpages = {0},
  year = {1994},
  month = {Mar},
  publisher = {American Physical Society},
  doi = {10.1103/PhysRevLett.72.1545},
  url = {http://link.aps.org/doi/10.1103/PhysRevLett.72.1545}
}

@article{PhysRevLett.110.216405,
  title = {Superconductivity and the Pseudogap in the Two-Dimensional Hubbard Model},
  author = {Gull, Emanuel and Parcollet, Olivier and Millis, Andrew J.},
  journal = {Phys. Rev. Lett.},
  volume = {110},
  issue = {21},
  pages = {216405},
  numpages = {5},
  year = {2013},
  month = {May},
  publisher = {American Physical Society},
  doi = {10.1103/PhysRevLett.110.216405},
  url = {http://link.aps.org/doi/10.1103/PhysRevLett.110.216405}
}

@article{PhysRevLett.108.216401,
  title = {Strong Coupling Superconductivity, Pseudogap, and Mott Transition},
  author = {Sordi, G. and S\'emon, P. and Haule, K. and Tremblay, A.-M. S.},
  journal = {Phys. Rev. Lett.},
  volume = {108},
  issue = {21},
  pages = {216401},
  numpages = {6},
  year = {2012},
  month = {May},
  publisher = {American Physical Society},
  doi = {10.1103/PhysRevLett.108.216401},
  url = {http://link.aps.org/doi/10.1103/PhysRevLett.108.216401}
}

@article{PhysRevLett.102.206407,
  title = {Quantum Critical Point at Finite Doping in the 2D Hubbard Model: A Dynamical Cluster Quantum Monte Carlo Study},
  author = {Vidhyadhiraja, N. S. and Macridin, A. and \ifmmode \mbox{\c{S}}\else \c{S}\fi{}en, C. and Jarrell, M. and Ma, Michael},
  journal = {Phys. Rev. Lett.},
  volume = {102},
  issue = {20},
  pages = {206407},
  numpages = {4},
  year = {2009},
  month = {May},
  publisher = {American Physical Society},
  doi = {10.1103/PhysRevLett.102.206407},
  url = {http://link.aps.org/doi/10.1103/PhysRevLett.102.206407}
}

@article{Wang13,
  title = {Doping dependence of spin excitations and its correlations with high-temperature superconductivity in iron pnictides},
  author = {Wang, Meng and Zhang, Chenglin and Lu, Xingye and Tan, Guotai and Luo, Huiqian and Song, Yu and Wang, Miaoyin and Zhang, Xiaotian and Goremychkin, E.A. and Perring, T.G. and Maier, T.A. and Yin, Zhiping and Haule, Kristjan and Kotliar, Gabriel and Dai, Pengcheng},
  journal = {Nat. Commun.},
  year = {2013},
  volume = {4},
  pages = {2874},
  publisher = {Nature Publishing Group},
  doi = {10.1038/ncomms3874},
  url = {http://dx.doi.org/10.1038/ncomms3874},
}

@article{PhysRevLett.106.047004,
  title = {Proximity of the Superconducting Dome and the Quantum Critical Point in the Two-Dimensional Hubbard Model},
  author = {Yang, S.-X. and Fotso, H. and Su, S.-Q. and Galanakis, D. and Khatami, E. and She, J.-H. and Moreno, J. and Zaanen, J. and Jarrell, M.},
  journal = {Phys. Rev. Lett.},
  volume = {106},
  issue = {4},
  pages = {047004},
  numpages = {4},
  year = {2011},
  month = {Jan},
  publisher = {American Physical Society},
  doi = {10.1103/PhysRevLett.106.047004},
  url = {http://link.aps.org/doi/10.1103/PhysRevLett.106.047004}
}

@article{Yin2011,
  title = {Magnetism and charge dynamics in iron pnictides},
  author = {Yin, Z. P. and Haule, K. and Kotliar, G.},
  journal = {Nat. Phys.},
  year = {2011},
  volume = {7},
  pages = {294-297},
  publisher = {Nature Publishing Group},
  doi = {10.1038/nphys1923},
  url = {http://dx.doi.org/10.1038/nphys1923},
}

@article{PhysRevLett.96.047005,
  title = {Structure of the Pairing Interaction in the Two-Dimensional Hubbard Model},
  author = {Maier, T. A. and Jarrell, M. S. and Scalapino, D. J.},
  journal = {Phys. Rev. Lett.},
  volume = {96},
  issue = {4},
  pages = {047005},
  numpages = {4},
  year = {2006},
  month = {Feb},
  publisher = {American Physical Society},
  doi = {10.1103/PhysRevLett.96.047005},
  url = {http://link.aps.org/doi/10.1103/PhysRevLett.96.047005}
}

@article{PhysRevB.54.8452,
  title = {Transfer of spectral weight in spectroscopies of correlated electron systems},
  author = {Rozenberg, M. J. and Kotliar, G. and Kajueter, H.},
  journal = {Phys. Rev. B},
  volume = {54},
  issue = {12},
  pages = {8452--8468},
  numpages = {0},
  year = {1996},
  month = {Sep},
  publisher = {American Physical Society},
  doi = {10.1103/PhysRevB.54.8452},
  url = {http://link.aps.org/doi/10.1103/PhysRevB.54.8452}
}

@article{PhysRevLett.101.186403,
  title = {Cluster Dynamical Mean Field Theory of the Mott Transition},
  author = {Park, H. and Haule, K. and Kotliar, G.},
  journal = {Phys. Rev. Lett.},
  volume = {101},
  issue = {18},
  pages = {186403},
  numpages = {4},
  year = {2008},
  month = {Oct},
  publisher = {American Physical Society},
  doi = {10.1103/PhysRevLett.101.186403},
  url = {http://link.aps.org/doi/10.1103/PhysRevLett.101.186403}
}
